<?xml version="1.0" encoding="UTF-8"?>
<collection xmlns:xsi="http://www.w3.org/2001/XMLSchema-instance" xsi:schemaLocation="http://www.loc.gov/MARC21/slim http://www.loc.gov/standards/marcxml/schema/MARC21slim.xsd" xmlns="http://www.loc.gov/MARC21/slim">
<record>
  <leader>01206cam a2200301 a 4500</leader>
  <controlfield tag="001">3071520</controlfield>
  <controlfield tag="003">NNC</controlfield>
  <controlfield tag="005">20140126215231.0</controlfield>
  <controlfield tag="008">890508s1962    iq       b    011 0 arard</controlfield>
  <datafield tag="010" ind1=" " ind2=" ">
    <subfield code="a">NE 64000428 </subfield>
  </datafield>
  <datafield tag="035" ind1=" " ind2=" ">
    <subfield code="a">(OCoLC)504979948</subfield>
  </datafield>
  <datafield tag="035" ind1=" " ind2=" ">
    <subfield code="a">(OCoLC)ocn504979948</subfield>
  </datafield>
  <datafield tag="035" ind1=" " ind2=" ">
    <subfield code="9">ATP4495CU</subfield>
  </datafield>
  <datafield tag="035" ind1=" " ind2=" ">
    <subfield code="a">(NNC)3071520</subfield>
  </datafield>
  <datafield tag="040" ind1=" " ind2=" ">
    <subfield code="c">NN</subfield>
    <subfield code="d">NN</subfield>
    <subfield code="d">CStRLIN</subfield>
    <subfield code="d">UkMaJRU</subfield>
  </datafield>
  <datafield tag="043" ind1=" " ind2=" ">
    <subfield code="a">ma-----</subfield>
  </datafield>
  <datafield tag="050" ind1="0" ind2=" ">
    <subfield code="a">B753.K54</subfield>
    <subfield code="b">M2</subfield>
  </datafield>
  <datafield tag="066" ind1=" " ind2=" ">
    <subfield code="c">(3</subfield>
  </datafield>
  <datafield tag="100" ind1="1" ind2=" ">
    <subfield code="a">McCarthy, Richard Joseph.</subfield>
  </datafield>
  <datafield tag="245" ind1="1" ind2="3">
    <subfield code="6">880-01</subfield>
    <subfield code="a">al-Taṣānīf al-mansūbah ilá faylasūf al-ʻArab :</subfield>
    <subfield code="b">baḥth bi-munāsabat iḥtifālāt Baghdād wa-al-Kindī /</subfield>
    <subfield code="c">taʾlīf Ritshard Yūsuf Makārthī.</subfield>
  </datafield>
  <datafield tag="260" ind1=" " ind2=" ">
    <subfield code="6">880-02</subfield>
    <subfield code="a">Baghdād :</subfield>
    <subfield code="b">Maṭbaʻat al-ʻĀnī,</subfield>
    <subfield code="c">1962.</subfield>
  </datafield>
  <datafield tag="300" ind1=" " ind2=" ">
    <subfield code="a">122 p. ;</subfield>
    <subfield code="c">31 cm.</subfield>
  </datafield>
  <datafield tag="600" ind1="0" ind2="0">
    <subfield code="6">880-03</subfield>
    <subfield code="a">Kindī,</subfield>
    <subfield code="d">-approximately 873.</subfield>
  </datafield>
  <datafield tag="880" ind1="1" ind2="2">
    <subfield code="6">245-01/(3/r</subfield>
    <subfield code="a">التصانيف المنسوبة إلى فيلسوف العرب :</subfield>
    <subfield code="b">بحث بمناسبة احتفالات بغداد و الكندي /</subfield>
    <subfield code="c">تأليف رتشرد يوسف مكارثي.</subfield>
  </datafield>
  <datafield tag="880" ind1=" " ind2=" ">
    <subfield code="6">260-02/(3/r</subfield>
    <subfield code="a">بغداد :</subfield>
    <subfield code="b">مطبعة العاني،</subfield>
    <subfield code="c">١٩٦٢.</subfield>
  </datafield>
  <datafield tag="880" ind1="0" ind2="4">
    <subfield code="6">600-03/(3/r</subfield>
    <subfield code="a">كندي,</subfield>
    <subfield code="d">-approximately 873.</subfield>
  </datafield>
  <datafield tag="955" ind1=" " ind2=" ">
    <subfield code="b">0026815095</subfield>
    <subfield code="d">glx</subfield>
    <subfield code="e">893.7K7 AM12</subfield>
  </datafield>
</record>
</collection>